<record><leader>00000cas a22000007a 4500</leader><controlfield tag="001">9669428</controlfield><controlfield tag="008">830705d1871187umaudn ne      0    0eng d</controlfield><controlfield tag="009">111</controlfield><datafield ind1=" " ind2=" " tag="010"><subfield code="a">sn 97068854 </subfield></datafield><datafield ind1=" " ind2=" " tag="040"><subfield code="a">BOS</subfield><subfield code="b">eng</subfield><subfield code="c">BOS</subfield><subfield code="d">MGN</subfield><subfield code="d">YUS</subfield><subfield code="d">OCLCF</subfield><subfield code="d">OCLCO</subfield></datafield><datafield ind1=" " ind2=" " tag="042"><subfield code="a">msc</subfield></datafield><datafield ind1="1" ind2="4" tag="050"><subfield code="a">PN2001</subfield><subfield code="b">.E71</subfield></datafield><datafield ind1="0" ind2="4" tag="245"><subfield code="a">The Boston ray.</subfield></datafield><datafield ind1=" " ind2=" " tag="260"><subfield code="a">Boston [Mass.] :</subfield><subfield code="b">Lawrence &amp; Page,</subfield></datafield><datafield ind1=" " ind2=" " tag="300"><subfield code="a">v.</subfield></datafield><datafield ind1=" " ind2=" " tag="310"><subfield code="a">Daily (except Sun.)</subfield></datafield><datafield ind1="0" ind2=" " tag="362"><subfield code="a">Vol. 1, no. 1 (Sept. 2, 1871)-</subfield></datafield><datafield ind1=" " ind2="0" tag="650"><subfield code="a">Theater</subfield><subfield code="z">Massachusetts</subfield><subfield code="z">Boston</subfield><subfield code="v">Newspapers.</subfield></datafield><datafield ind1=" " ind2="0" tag="651"><subfield code="a">Boston (Mass.)</subfield><subfield code="v">Newspapers.</subfield></datafield><datafield ind1=" " ind2="7" tag="655"><subfield code="a">Newspapers.</subfield><subfield code="2">fast</subfield><subfield code="0">(OCoLC)fst01423814</subfield></datafield><datafield ind1=" " ind2="7" tag="650"><subfield code="a">Theater.</subfield><subfield code="2">fast</subfield><subfield code="0">(OCoLC)fst01149217</subfield></datafield><datafield ind1=" " ind2="7" tag="651"><subfield code="a">Massachusetts</subfield><subfield code="z">Boston.</subfield><subfield code="2">fast</subfield><subfield code="0">(OCoLC)fst01205012</subfield></datafield><datafield ind1=" " ind2=" " tag="752"><subfield code="a">United States</subfield><subfield code="b">Massachusetts</subfield><subfield code="c">Suffolk</subfield><subfield code="d">Boston.</subfield></datafield><datafield ind1="0" ind2="0" tag="785"><subfield code="t">Ray (Boston, Mass.)</subfield><subfield code="w">(DLC)sn 97068855</subfield></datafield></record>